
@techreport{Mazinanian__Tsantalis__2016,
  author      = {Davood Mazinanian, Nikolaos Tsantalis},
  title = {An empirical study on the use of CSS preprocessors},
  year        = {2016},
  institution = {Concordia University},
  address     = {Montreal, Canada}
}

@techreport{Mazinanian__Tsantalis__2,
  author      = {Davood Mazinanian, Nikolaos Tsantalis},
  title = {Discovering Refactoring Opportunities in Cascading Style Sheets},
  institution = {Concordia University},
  address     = {Montreal, Canada}
}